
@Misc{hid-sp18-508-benchmarking,
  Title                    = {Benchmarking NoSQL Databases: Cassandra vs. MongoDB vs. HBase vs. Couchbase},

  Author                   = {{Datastax}},
  HowPublished             = {Datastax website},
  Year                     = {2018},

  Owner                    = {Yue},
  Timestamp                = {2018.04.08},
  Url                      = {https://www.datastax.com/nosql-databases/benchmarks-cassandra-vs-mongodb-vs-hbase}
}


@Misc{hid-sp18-508-cassandra,
  Title                    = { Cassandra Wiki},

  Author                   = {{Wikipedia}},
  HowPublished             = {Wikipedia website},
  Year                     = {2018},

  Owner                    = {Yue},
  Timestamp                = {2018.04.25},
  Url                      = {https://en.wikipedia.org/wiki/Apache_Cassandra}
}
@Misc{hid-sp18-508-mongodb,
  Title                    = { MongoDB Wiki},

  Author                   = {{Wikipedia}},
  HowPublished             = {Wikipedia website},
  Year                     = {2018},

  Owner                    = {Yue},
  Timestamp                = {2018.04.25},
  Url                      = {https://en.wikipedia.org/wiki/MongoDB}
}
@Misc{hid-sp18-508-googleCloud,
  Title                    = { Google Cloud Wiki},

  Author                   = {{Wikipedia}},
  HowPublished             = {Wikipedia website},
  Year                     = {2018},

  Owner                    = {Yue},
  Timestamp                = {2018.04.25},
  Url                      = {https://en.wikipedia.org/wiki/Google_Cloud_Platform}
}
@Misc{hid-sp18-508-raspberryPi,
  Title                    = { Raspberry Pi Blog},

  Author                   = {{Raspberry Pi}},
  HowPublished             = {Raspberry Pi website},
  Year                     = {2018},

  Owner                    = {Yue},
  Timestamp                = {2018.04.25},
  Url                      = {https://www.raspberrypi.org/}
}

