@Misc{www-openvz,
title = {openVZ Virtuozzo Container},
url = {https://openvz.org/Main_Page},
howpublished = {Web},
note = {Accessed: 2018-02-18},
}

@Misc{www-sqlite,
title = {About SQLite},
url = {https://www.sqlite.org/about.html},
howpublished = {Web},
note = {Accessed: 2018-02-18},
}

@Misc{www-amazonec2,
title = {Amazon EC2},
url = {https://aws.amazon.com/ec2/},
howpublished = {Web},
note = {Accessed: 2018-02-18},
}


@Misc{www-azure,
title = {What is Azure},
url = {https://azure.microsoft.com/en-us/overview/what-is-azure/},
howpublished = {Web},
note = {Accessed: 2018-02-18},
}

@Misc{www-futuregrid,
title = {Future Grid},
url = {http://www.future-grid.com.au/},
howpublished = {Web},
note = {Accessed: 2018-02-18},
}

