
@Misc{hid-sp18-508-benchmarking,
  Title                    = {Benchmarking NoSQL Databases: Cassandra vs. MongoDB vs. HBase vs. Couchbase},

  Author                   = {{Datastax}},
  HowPublished             = {Datastax website},
  Year                     = {2018},

  Owner                    = {Yue},
  Timestamp                = {2018.04.08},
  Url                      = {https://www.datastax.com/nosql-databases/benchmarks-cassandra-vs-mongodb-vs-hbase}
}