@Misc{hid-sp18-508-hadoop,
    title = {Hadoop},
    url = {hhttps://www.tutorialspoint.com/hadoop/hadoop_quick_guide.htm},
    howpublished = {Web},
    year={2018},
    note = {Accessed: 2018-03-18},
}

@Misc{hid-sp18-508-mapreduce,
    title = {Hadoop - MapReduce},
    url = {https://www.tutorialspoint.com/hadoop/hadoop_mapreduce.htm},
    howpublished = {Web},
    year={2018},
    note = {Accessed: 2018-03-18},
}



@Misc{hid-sp18-508-hdfs,
  Title                    = {HDFS â€“ advantages and drawbacks},

  Author                   = {{MaptBeta}},
  HowPublished             = {MaptBeta website},
  Year                     = {2018},

  Owner                    = {Yue},
  Timestamp                = {2018.03.31},
  Url                      = {https://www.packtpub.com/mapt/book/big_data_and_business_intelligence/9781783983643/9/ch09lvl1sec58/hdfs--advantages-and-drawbacks}
}
@Misc{hid-sp18-508-yahoo,
  Title                    = {Peter Cnudde on How Yahoo Uses Hadoop, Deep Learning and Big Data Platform},

  Author                   = {{Srini Penchikala}},
  HowPublished             = {InfoQ website},
  Year                     = {2016},

  Owner                    = {Yue},
  Timestamp                = {2018.03.31},
  Url                      = {https://www.infoq.com/articles/peter-cnudde-yahoo-big-data}
}
@Misc{hid-sp18-508-fb,
  Title                    = {How is Facebook Deploying Big Data?},

  Author                   = {{Shravani Chakraborty}},
  HowPublished             = {DZone website},
  Year                     = {2017},

  Owner                    = {Yue},
  Timestamp                = {2018.03.31},
  Url                      = {https://dzone.com/articles/how-is-facebook-deploying-big-data}
}

